
% Journals

% First the Full Name is given, then the abbreviation used in the AMS Math
% Reviews, with an indication if it could not be found there.
% Note the 2nd overwrites the 1st, so swap them if you want the full name.

 %{AMS}
 @String{AMSTrans = "American Mathematical Society Translations" }
 @String{AMSTrans = "Amer. Math. Soc. Transl." }
 @String{BullAMS = "Bulletin of the American Mathematical Society" }
 @String{BullAMS = "Bull. Amer. Math. Soc." }
 @String{ProcAMS = "Proceedings of the American Mathematical Society" }
 @String{ProcAMS = "Proc. Amer. Math. Soc." }
 @String{TransAMS = "Transactions of the American Mathematical Society" }
 @String{TransAMS = "Trans. Amer. Math. Soc." }

 %ACM
 @String{CACM = "Communications of the {ACM}" }
 @String{CACM = "Commun. {ACM}" }
 @String{CompServ = "Comput. Surveys" }
 @String{JACM = "J. ACM" }
 @String{ACMMathSoft = "{ACM} Transactions on Mathematical Software" }
 @String{ACMMathSoft = "{ACM} Trans. Math. Software" }
 @String{SIGNUM = "{ACM} {SIGNUM} Newsletter" }
 @String{SIGNUM = "{ACM} {SIGNUM} Newslett." }

 @String{AmerSocio = "American Journal of Sociology" }
 @String{AmerStatAssoc = "Journal of the American Statistical Association" }
 @String{AmerStatAssoc = "J. Amer. Statist. Assoc." }
 @String{ApplMathComp = "Applied Mathematics and Computation" }
 @String{ApplMathComp = "Appl. Math. Comput." }
 @String{AmerMathMonthly = "American Mathematical Monthly" }
 @String{AmerMathMonthly = "Amer. Math. Monthly" }
 @String{BIT = "{BIT}" }
 @String{BritStatPsych = "British Journal of Mathematical and Statistical
          Psychology" }
 @String{BritStatPsych = "Brit. J. Math. Statist. Psych." }
 @String{CanMathBull = "Canadian Mathematical Bulletin" }
 @String{CanMathBull = "Canad. Math. Bull." }
 @String{CompApplMath = "Journal of Computational and Applied Mathematics" }
 @String{CompApplMath = "J. Comput. Appl. Math." }
 @String{CompPhys = "Journal of Computational Physics" }
 @String{CompPhys = "J. Comput. Phys." }
 @String{CompStruct = "Computers and Structures" }
 @String{CompStruct = "Comput. \& Structures" }
 @String{CompJour = "The Computer Journal" }
 @String{CompJour = "Comput. J." }
 @String{CompSysSci = "Journal of Computer and System Sciences" }
 @String{CompSysSci = "J. Comput. System Sci." }
 @String{Computing = "Computing" }
 @String{ContempMath = "Contemporary Mathematics" }
 @String{ContempMath = "Contemp. Math." }
 @String{Crelle = "Crelle's Journal" }
 @String{GiornaleMath = "Giornale di Mathematiche" }
 @String{GiornaleMath = "Giorn. Mat." } % didn't find in AMS MR., ibid.

 %IEEE
 @String{Computer = "{IEEE} Computer" }
 @String{IEEETransComp = "{IEEE} Transactions on Computers" }
 @String{IEEETransComp = "{IEEE} Trans. Comput." }
 @String{IEEETransAC = "{IEEE} Transactions on Automatic Control" }
 @String{IEEETransAC = "{IEEE} Trans. Automat. Control" }
 @String{IEEESpec = "{IEEE} Spectrum" } % didn't find in AMS MR
 @String{ProcIEEE = "Proceedings of the {IEEE}" }
 @String{ProcIEEE = "Proc. {IEEE}" } % didn't find in AMS MR
 @String{IEEETransAeroElec = "{IEEE} Transactions on Aerospace and Electronic
     Systems" }
 @String{IEEETransAeroElec = "{IEEE} Trans. Aerospace Electron. Systems" }

 @String{IMANumerAna = "{IMA} Journal of Numerical Analysis" }
 @String{IMANumerAna = "{IMA} J. Numer. Anal." }
 @String{InfProcLet = "Information Processing Letters" }
 @String{InfProcLet = "Inform. Process. Lett." }
 @String{InstMathApp = "Journal of the Institute of Mathematics and
     its Applications" }
 @String{InstMathApp = "J. Inst. Math. Appl." }
 @String{IntControl = "International Journal of Control" }
 @String{IntControl = "Internat. J. Control" }
 @String{IntNumerEng = "International Journal for Numerical Methods in
     Engineering" }
 @String{IntNumerEng = "Internat. J. Numer. Methods Engrg." }
 @String{IntSuper = "International Journal of Supercomputing Applications" }
 @String{IntSuper = "Internat. J. Supercomputing Applic." } % didn't find
%% in AMS MR
 @String{Kibernetika = "Kibernetika" }
 @String{JResNatBurStand = "Journal of Research of the National Bureau
     of Standards" }
 @String{JResNatBurStand = "J. Res. Nat. Bur. Standards" }
 @String{LinAlgApp = "Linear Algebra and its Applications" }
 @String{LinAlgApp = "Linear Algebra Appl." }
 @String{MathAnaAppl = "Journal of Mathematical Analysis and Applications" }
 @String{MathAnaAppl = "J. Math. Anal. Appl." }
 @String{MathAnnalen = "Mathematische Annalen" }
 @String{MathAnnalen = "Math. Ann." }
 @String{MathPhys = "Journal of Mathematical Physics" }
 @String{MathPhys = "J. Math. Phys." }
 @String{MathComp = "Mathematics of Computation" }
 @String{MathComp = "Math. Comp." }
 @String{MathScand = "Mathematica Scandinavica" }
 @String{MathScand = "Math. Scand." }
 @String{TablesAidsComp = "Mathematical Tables and Other Aids to Computation" }
 @String{TablesAidsComp = "Math. Tables Aids Comput." }
 @String{NumerMath = "Numerische Mathematik" }
 @String{NumerMath = "Numer. Math." }
 @String{PacificMath = "Pacific Journal of Mathematics" }
 @String{PacificMath = "Pacific J. Math." }
 @String{ParDistComp = "Journal of Parallel and Distributed Computing" }
 @String{ParDistComp = "J. Parallel and Distrib. Comput." } % didn't find
%% in AMS MR
 @String{ParComputing = "Parallel Computing" }
 @String{ParComputing = "Parallel Comput." }
 @String{PhilMag = "Philosophical Magazine" }
 @String{PhilMag = "Philos. Mag." }
 @String{ProcNAS = "Proceedings of the National Academy of Sciences
                    of the USA" }
 @String{ProcNAS = "Proc. Nat. Acad. Sci. U. S. A." }
 @String{Psychometrika = "Psychometrika" }
 @String{QuartMath = "Quarterly Journal of Mathematics, Oxford, Series (2)" }
 @String{QuartMath = "Quart. J. Math. Oxford Ser. (2)" }
 @String{QuartApplMath = "Quarterly of Applied Mathematics" }
 @String{QuartApplMath = "Quart. Appl. Math." }
 @String{RevueInstStat = "Review of the International Statisical Institute" }
 @String{RevueInstStat = "Rev. Inst. Internat. Statist." }

 %SIAM
 @String{JSIAM = "Journal of the Society for Industrial and Applied
     Mathematics" }
 @String{JSIAM = "J. Soc. Indust. Appl. Math." }
 @String{JSIAMB = "Journal of the Society for Industrial and Applied
     Mathematics, Series B, Numerical Analysis" }
 @String{JSIAMB = "J. Soc. Indust. Appl. Math. Ser. B Numer. Anal." }
 @String{SIAMAlgMeth = "{SIAM} Journal on Algebraic and Discrete Methods" }
 @String{SIAMAlgMeth = "{SIAM} J. Algebraic Discrete Methods" }
 @String{SIAMAppMath = "{SIAM} Journal on Applied Mathematics" }
 @String{SIAMAppMath = "{SIAM} J. Appl. Math." }
 @String{SIAMComp = "{SIAM} Journal on Computing" }
 @String{SIAMComp = "{SIAM} J. Comput." }
 @String{SIAMMatrix = "{SIAM} Journal on Matrix Analysis and Applications" }
 @String{SIAMMatrix = "{SIAM} J. Matrix Anal. Appl." }
 @String{SIAMNumAnal = "{SIAM} Journal on Numerical Analysis" }
 @String{SIAMNumAnal = "{SIAM} J. Numer. Anal." }
 @String{SIAMReview = "{SIAM} Review" }
 @String{SIAMReview = "{SIAM} Rev." }
 @String{SIAMSciStat = "{SIAM} Journal on Scientific and Statistical
     Computing" }
 @String{SIAMSciStat = "{SIAM} J. Sci. Statist. Comput." }

 @String{SoftPracExp = "Software Practice and Experience" }
 @String{SoftPracExp = "Software Prac. Experience" } % didn't find in AMS MR
 @String{StatScience = "Statistical Science" }
 @String{StatScience = "Statist. Sci." }
 @String{Techno = "Technometrics" }
 @String{USSRCompMathPhys = "{USSR} Computational Mathematics and Mathematical
     Physics" }
 @String{USSRCompMathPhys = "{U. S. S. R.} Comput. Math. and Math. Phys." }
 @String{VLSICompSys = "Journal of {VLSI} and Computer Systems" }
 @String{VLSICompSys = "J. {VLSI} Comput. Syst." }
 @String{ZAngewMathMech = "Zeitschrift fur Angewandte Mathematik und
     Mechanik" }
 @String{ZAngewMathMech = "Z. Angew. Math. Mech." }
 @String{ZAngewMathPhys = "Zeitschrift fur Angewandte Mathematik und Physik" }
 @String{ZAngewMathPhys = "Z. Angew. Math. Phys." }

% Publishers % ================================================= |

 @String{Academic = "Academic Press" }
 @String{ACMPress = "{ACM} Press" }
 @String{AdamHilger = "Adam Hilger" }
 @String{AddisonWesley = "Addison-Wesley" }
 @String{AllynBacon = "Allyn and Bacon" }
 @String{AMS = "American Mathematical Society" }
 @String{Birkhauser = "Birkha{\"u}ser" }
 @String{CambridgePress = "Cambridge University Press" }
 @String{Chelsea = "Chelsea" }
 @String{ClaredonPress = "Claredon Press" }
 @String{DoverPub = "Dover Publications" }
 @String{Eyolles = "Eyolles" }
 @String{HoltRinehartWinston = "Holt, Rinehart and Winston" }
 @String{Interscience = "Interscience" }
 @String{JohnsHopkinsPress = "The Johns Hopkins University Press" }
 @String{JohnWileySons = "John Wiley and Sons" }
 @String{Macmillan = "Macmillan" }
 @String{MathWorks = "The Math Works Inc." }
 @String{McGrawHill = "McGraw-Hill" }
 @String{NatBurStd = "National Bureau of Standards" }
 @String{NorthHolland = "North-Holland" }
 @String{OxfordPress = "Oxford University Press" }  %address Oxford or London?
 @String{PergamonPress = "Pergamon Press" }
 @String{PlenumPress = "Plenum Press" }
 @String{PrenticeHall = "Prentice-Hall" }
 @String{SIAMPub = "{SIAM} Publications" }
 @String{Springer = "Springer-Verlag" }
 @String{TexasPress = "University of Texas Press" }
 @String{VanNostrand = "Van Nostrand" }
 @String{WHFreeman = "W. H. Freeman and Co." }

%Entries

@online{WHOinfodemic,
  year =         "2020",
  author =       "Ghebreyesus, Tedros Adhanom ",
  title =        "Munich Security Conference",
  url =          "https://www.who.int/dg/speeches/detail/munich-security-conference",
  lastaccessed = "October 16, 2020",
}

@article{zarocostas2020fight,
  title={How to fight an infodemic},
  author={Zarocostas, John},
  journal={The Lancet},
  volume={395},
  number={10225},
  pages={676},
  year={2020},
  publisher={Elsevier}
}

@online{PathwaysNews,
  year =         "2016",
  author =       "Mitchell, Amy and Gottfried, Jeffrey and Barthel, Michael and Shearer, Elisa",
  title =        "Pathways to news",
  url =          "https://www.journalism.org/2016/07/07/pathways-to-news/",
  lastaccessed = "October 16, 2020",
}


@online{ReutersQuestionnaire,
  year =         "2020",
  author =       "Fletcher, Richard and Kalogeropoulos, Antonis and Simon, Felix and Nielsen, Rasmus Kleis",
  title =        "Information inequality in the UK coronavirus communications crisis",
  url =          "https://reutersinstitute.politics.ox.ac.uk/information-inequality-uk-coronavirus-communications-crisis",
  lastaccessed = "October 16, 2020",
}

@online{ParseLyDashboard,
  year =         "2020",
  title =        "Parse.ly's Network Referrer Dashboard",
  url =          "https://www.parse.ly/resources/data-studies/referrer-dashboard",
  lastaccessed = "September 30, 2020",
}

@article{lazer2018science,
  title={The science of fake news},
  author={Lazer, David MJ and Baum, Matthew A and Benkler, Yochai and Berinsky, Adam J and Greenhill, Kelly M and Menczer, Filippo and Metzger, Miriam J and Nyhan, Brendan and Pennycook, Gordon and Rothschild, David and others},
  journal={Science},
  volume={359},
  number={6380},
  pages={1094--1096},
  year={2018},
  publisher={American Association for the Advancement of Science}
}

@article{shao2018spread,
  title={The spread of low-credibility content by social bots},
  author={Shao, Chengcheng and Ciampaglia, Giovanni Luca and Varol, Onur and Yang, Kai-Cheng and Flammini, Alessandro and Menczer, Filippo},
  journal={Nature communications},
  volume={9},
  number={1},
  pages={1--9},
  year={2018},
  publisher={Nature Publishing Group}
}

@online{FacebookReduce,
  year =         "2018",
  author =       "Lyons, Tessa",
  title =        "The Three-Part Recipe for Cleaning up Your News Feed",
  url =          "https://about.fb.com/news/2018/05/inside-feed-reduce-remove-inform/",
  lastaccessed = "July, 2020",
}

@online{FacebookRemove1,
  year =         "2020",
  author =       "Gleicher, Nathaniel",
  title =        "Removing Coordinated Inauthentic Behavior",
  url =          "https://about.fb.com/news/2020/07/removing-political-coordinated-inauthentic-behavior/",
  lastaccessed = "October, 2020",
}

@online{FacebookRemove2,
  year =         "2020",
  title =        "Additional Steps to Protect Myanmar's 2020 Election",
  url =          "https://about.fb.com/news/2020/09/additional-steps-to-protect-myanmars-2020-election/",
  lastaccessed = "October, 2020",
}

@online{FacebookRemove3,
  year =         "2020",
  author =       "Jin, Kang-Xing",
  title =        "Keeping People Safe and Informed About the Coronavirus ",
  url =          "https://about.fb.com/news/2020/10/coronavirus/",
  lastaccessed = "October 19, 2020",
}

@online{FacebookRemove4,
  year =         "2020",
  title =        "Stepping Up the Fight Against Climate Change",
  url =          "https://about.fb.com/news/2020/09/stepping-up-the-fight-against-climate-change/",
  lastaccessed = "October 19, 2020",
}

@article{allcott2019trends,
  title={Trends in the diffusion of misinformation on social media},
  author={Allcott, Hunt and Gentzkow, Matthew and Yu, Chuan},
  journal={Research \& Politics},
  volume={6},
  number={2},
  pages={2053168019848554},
  year={2019},
  publisher={SAGE Publications Sage UK: London, England}
}


@online{ScienceFeedbackCommunication,
  year =         "2020",
  author =       "Vincent, Emmanuel M.",
  title =        "Science Feedback partnering with Facebook in fight against misinformation",
  url =          "https://sciencefeedback.co/science-feedback-partnering-with-facebook-in-fight-against-misinformation/",
  lastaccessed = "October, 2020",
}

@online{minet,
  year =         "2020",
  title =        "Minet: a webmining library and command line tool written in python",
  url =          "https://github.com/medialab/minet",
}

@online{FacebookQAnon,
  year =         "2020",
  title =        "An Update to How We Address Movements and Organizations Tied to Violence",
  url =          "https://about.fb.com/news/2020/08/addressing-movements-and-organizations-tied-to-violence/",
  lastaccessed = "October 16, 2020",
}

@online{YoutubeQAnon,
  year =         "2020",
  author =       "The YouTube Team",
  title =        "Managing harmful conspiracy theories on YouTube",
  url =          "https://blog.youtube/news-and-events/harmful-conspiracy-theories-youtube/",
  lastaccessed = "October 19, 2020",
}

@online{TwitterQAnon,
  author =       "TwitterSafety",
  year =         "2020",
  url =          "https://twitter.com/TwitterSafety/status/1285726277719199746",
  lastaccessed = "October 19, 2020",
}


@online{NewsWhip,
  year =         "2020",
  title =        "Coverage of the Coronavirus on Web and Social",
  url =          "https://go.newswhip.com/2020_03_Covid-19_LP.html",
  lastaccessed = "July, 2020",
}

@online{FacebookMeasuresAgainstMisinformation,
  year =         "2020",
  title =        "Fact-Checking on Facebook",
  url =          "https://www.facebook.com/business/help/2593586717571940?locale=en_GB",
  lastaccessed = "September, 2020",
}

@online{NBCnewsMeasuresAgainstMisinformation,
  year =         "2020",
  author =       "Solon, Olivia",
  title =        "Sensitive to claims of bias, Facebook relaxed misinformation rules for conservative pages",
  url =          "https://www.nbcnews.com/tech/tech-news/sensitive-claims-bias-facebook-relaxed-misinformation-rules-conservative-pages-n1236182",
  lastaccessed = "September, 2020",
}

@online{FacebookPartners,
  year =         "2020",
  author =       "Rosen, Guy",
  title =        "An Update on Our Work to Keep People Informed and Limit Misinformation About COVID-19",
  url =          "https://about.fb.com/news/2020/04/covid-19-misinfo-update/",
  lastaccessed = "September, 2020",
}

@online{KornbluhPandemic,
  year =         "2020",
  author =       "Kornbluh, Karen and Goldstein, Adrienne and Weiner, Eli",
  title =        "New Study by Digital New Deal Finds Engagement with Deceptive Outlets Higher on Facebook Today Than Run-up to 2016 Election",
  url =          "https://www.gmfus.org/blog/2020/10/12/new-study-digital-new-deal-finds-engagement-deceptive-outlets-higher-facebook-today",
  lastaccessed = "October 17, 2020",
}
